<?xml version="1.0" encoding="UTF-8"?><record xmlns="http://www.loc.gov/MARC21/slim" xmlns:cinclude="http://apache.org/cocoon/include/1.0" xmlns:zs="http://www.loc.gov/zing/srw/">
  <leader>01779cz  a2200349n  4500</leader>
  <controlfield tag="001">n  85337782 </controlfield>
  <controlfield tag="003">DLC</controlfield>
  <controlfield tag="005">20170112004913.0</controlfield>
  <controlfield tag="008">860903n| azannaabn          |b aaa      </controlfield>
  <datafield tag="010" ind1=" " ind2=" ">
    <subfield code="a">n  85337782 </subfield>
    <subfield code="z">no2003065261</subfield>
  </datafield>
  <datafield tag="035" ind1=" " ind2=" ">
    <subfield code="a">(OCoLC)oca01694714</subfield>
  </datafield>
  <datafield tag="040" ind1=" " ind2=" ">
    <subfield code="a">DLC</subfield>
    <subfield code="b">eng</subfield>
    <subfield code="c">DLC</subfield>
    <subfield code="e">rda</subfield>
    <subfield code="d">DLC</subfield>
    <subfield code="d">OCoLC</subfield>
    <subfield code="d">DLC-ON</subfield>
    <subfield code="d">DLC</subfield>
  </datafield>
  <datafield tag="046" ind1=" " ind2=" ">
    <subfield code="f">18490129</subfield>
    <subfield code="g">18920307</subfield>
  </datafield>
  <datafield tag="053" ind1=" " ind2="0">
    <subfield code="a">PK2659.G48</subfield>
  </datafield>
  <datafield tag="100" ind1="0" ind2=" ">
    <subfield code="a">G̲h̲ulāma Rasūla,</subfield>
    <subfield code="d">1849-1892</subfield>
  </datafield>
  <datafield tag="400" ind1="1" ind2=" ">
    <subfield code="a">Rasūla, G̲h̲ulāma,</subfield>
    <subfield code="d">1849-1892</subfield>
  </datafield>
  <datafield tag="400" ind1="1" ind2=" ">
    <subfield code="a">Rasūl, G̲h̲ulām,</subfield>
    <subfield code="d">1849-1892</subfield>
  </datafield>
  <datafield tag="400" ind1="0" ind2=" ">
    <subfield code="a">G̲h̲ulām Rasūl,</subfield>
    <subfield code="d">1849-1892</subfield>
  </datafield>
  <datafield tag="400" ind1="1" ind2=" ">
    <subfield code="a">Ālamapurī, G̲h̲ulāma Rasūla,</subfield>
    <subfield code="d">1849-1892</subfield>
  </datafield>
  <datafield tag="400" ind1="1" ind2=" ">
    <subfield code="a">Ālampūrī, G̲h̲ulām Rasūl,</subfield>
    <subfield code="d">1849-1892</subfield>
  </datafield>
  <datafield tag="400" ind1="0" ind2=" ">
    <subfield code="a">Gulāma Rasūla,</subfield>
    <subfield code="d">1849-1892</subfield>
  </datafield>
  <datafield tag="400" ind1="1" ind2=" ">
    <subfield code="a">Rasūla, Gulāma,</subfield>
    <subfield code="d">1849-1892</subfield>
  </datafield>
  <datafield tag="400" ind1="0" ind2=" ">
    <subfield code="a">G̲h̲ulām Rasūl ʻĀlampūrī,</subfield>
    <subfield code="d">1849-1892</subfield>
  </datafield>
  <datafield tag="400" ind1="1" ind2=" ">
    <subfield code="a">عالمپورى، غلام رسول,</subfield>
    <subfield code="d">1849-1892</subfield>
  </datafield>
  <datafield tag="400" ind1="0" ind2=" ">
    <subfield code="a">غلام رسول عالمپورى,</subfield>
    <subfield code="d">1849-1892</subfield>
  </datafield>
  <datafield tag="400" ind1="0" ind2=" ">
    <subfield code="a">Ghulam Rasool Alampuri,</subfield>
    <subfield code="d">1849-1892</subfield>
  </datafield>
  <datafield tag="667" ind1=" " ind2=" ">
    <subfield code="a">Non-Latin script references not evaluated.</subfield>
  </datafield>
  <datafield tag="670" ind1=" " ind2=" ">
    <subfield code="a">Bhāṭīā, Uttama Siṅgha. Amīra Hamazā krita Maulawī G̲h̲ulāma Rasūla, 1982:</subfield>
    <subfield code="b">p. 9 (G̲h̲ulāma Rasūla Ālamapurī)</subfield>
  </datafield>
  <datafield tag="670" ind1=" " ind2=" ">
    <subfield code="a">New Delhi non-MARC file</subfield>
    <subfield code="b">(hdg.: G̲h̲ulām Rasūl, 1849-1892; usage: G̲h̲ulāma Rasūla ; G̲h̲ulām Rasūl Ālampūrī)</subfield>
  </datafield>
  <datafield tag="670" ind1=" " ind2=" ">
    <subfield code="a">Saṅgītacārya Ḍô. Gulāma Rasūla Parabhaṇī ... 2001.</subfield>
  </datafield>
  <datafield tag="670" ind1=" " ind2=" ">
    <subfield code="a">Maulvī G̲h̲ulām Rasūl ʻĀlampūrī, 2011:</subfield>
    <subfield code="b">t.p. (مولوى غلام رسول عالمپورى = Maulvī G̲h̲ulām Rasūl ʻĀlampūrī) t.p. verso (Ghulam Rasool Alampuri)</subfield>
  </datafield>
  <datafield tag="670" ind1=" " ind2=" ">
    <subfield code="a">Muntak̲h̲ab kalām, 2016:</subfield>
    <subfield code="b">p. 14 etc. (b. January 29, 1849 ; d. March 07, 1892)</subfield>
  </datafield>
</record>